% IPF --------------------------------------------------------------------
@article{beckman1996creating,
  title={Creating synthetic baseline populations},
  author={Beckman, Richard J and Baggerly, Keith A and McKay, Michael D},
  journal={Transportation Research Part A: Policy and Practice},
  volume={30},
  number={6},
  pages={415--429},
  year={1996},
  publisher={Elsevier}
}

@article{deming1940least,
  title={On a least squares adjustment of a sampled frequency table when the expected marginal totals are known},
  author={Deming, W Edwards and Stephan, Frederick F},
  journal={The Annals of Mathematical Statistics},
  volume={11},
  number={4},
  pages={427--444},
  year={1940},
  publisher={JSTOR}
}

@article{fienberg1970iterative,
  title={An iterative procedure for estimation in contingency tables},
  author={Fienberg, Stephen E},
  journal={The Annals of Mathematical Statistics},
  pages={907--917},
  year={1970},
  publisher={JSTOR}
}

@article{wheaton2009synthesized,
  title={Synthesized population databases: A US geospatial database for agent-based models},
  author={Wheaton, William D and Cajka, James C and Chasteen, Bernadette M and Wagener, Diane K and Cooley, Philip C and Ganapathi, Laxminarayana and Roberts, Douglas J and Allpress, Justine L},
  journal={Methods report (RTI Press)},
  volume={2009},
  number={10},
  pages={905},
  year={2009},
  publisher={NIH Public Access}
}