% Spew --- 
@article{spew,
 title={{SPEW:  Synthetic Populations and Ecosystems of the World}},
 author= "Gallagher, Shannon 
 and Richardson, Lee 
 and Ventura, Samuel L.
 and Eddy, William F.",
 journal = {Submitted.},
 year=2016
}

% IPF ---
@article{beckman1996creating,
  title={Creating synthetic baseline populations},
  author={Beckman, Richard J and Baggerly, Keith A and McKay, Michael D},
  journal={Transportation Research Part A: Policy and Practice},
  volume={30},
  number={6},
  pages={415--429},
  year={1996},
  publisher={Elsevier}
}

@article{deming1940least,
  title={On a least squares adjustment of a sampled frequency table when the expected marginal totals are known},
  author={Deming, W Edwards and Stephan, Frederick F},
  journal={The Annals of Mathematical Statistics},
  volume={11},
  number={4},
  pages={427--444},
  year={1940},
  publisher={JSTOR}
}

@article{fienberg1970iterative,
  title={An iterative procedure for estimation in contingency tables},
  author={Fienberg, Stephen E},
  journal={The Annals of Mathematical Statistics},
  pages={907--917},
  year={1970},
  publisher={JSTOR}
}

@article{wheaton2009synthesized,
  title={Synthesized population databases: A US geospatial database for agent-based models},
  author={Wheaton, William D and Cajka, James C and Chasteen, Bernadette M and Wagener, Diane K and Cooley, Philip C and Ganapathi, Laxminarayana and Roberts, Douglas J and Allpress, Justine L},
  journal={Methods report (RTI Press)},
  volume={2009},
  number={10},
  pages={905},
  year={2009},
  publisher={NIH Public Access}
}

% Data ---
@Misc{elsi2015,
  author= {U.S. Department of Education. Institute of Education Sciences. National Center for Education Statistics},
  title =    {ELSi tableGenerator},
  howpublished = {Electronic},
  year =   {2015}
}

@Misc{esriBusiness,
 author = {Esri},
 title = {{ US business data throughout this paper originated from Esri. Esri Business Data is the intellectual property of Esri and are used herein under license. Copyright © Esri. All rights reserved. For more information about Esri® software, please visit \url{www.esri.com}.}},
 year = 2009
}

@Misc{censusdiag,
  author=    {{U.S. Census Bureau}},
  title =    {{Standard Hierarchy of Census Geographic Entities}},
  howpublished = {Electronic. Available at \url{http://www2.census.gov/geo/pdfs/reference/geodiagram.pdf}},
  year =   {2010},
}

@Misc{1yearuspums2013,
  author=    {{U.S. Census Bureau}},
  title =    {{American Community Survey Public Use Microdata Sample 2013}},
  howpublished = {Electronic},
  OPTmonth =   {},
  year =   {2013},
  OPTnote =    {},
  OPTannote =    {}
}

@Misc{2010sf,
  author=    {{U.S. Census Bureau}},
  title =    {{American Community Survey Summary Files 2006-2010}},
  howpublished = {Electronic},
  year =   {2010}
}

@Misc{ustiger2010,
 author =    {{U.S. Census Bureau}},
  title =    {{2010 TIGER/LineShapefiles (machine-readable data files)}},
  howpublished = {Electronic},
  OPTmonth =   {},
  year =   {2010},
  OPTnote =    {},
  OPTannote =    {}
}


% IPUMS ---
@Misc{geohive,
  author =   {GeoHive},
  title =    {\url{http://www.geohive.com/}},
  year =   {2016}
}

@misc{ipumsi,
author = {Minnesota Population Center},
title = {Integrated Public Use Microdata Series, International:  Version 6.3},
institution = {Minnesota Population Center},
publisher = {University of Minnesota},
year = 2014,
city = {Minnesota},
note = {[Machine-readable database]}
}


% Canada ---
@Misc{statcan,
  author =   {{Statistics Canada}},
  title =    {{Census of Canada, 2011, Families File (public-use microdata file)}},
  publisher = {{Statistics Canada (producer).  (Using LANDRU distributor)}},
  howpublished = {CD.  All computations, use and interpretation of these data re entirely those of the author},
  year = 2011
}